<record><leader>00000cas a22000007a 4500</leader><controlfield tag="001">12829856</controlfield><controlfield tag="008">851121d18951902njudn ne      0    0eng d</controlfield><datafield ind1=" " ind2=" " tag="010"><subfield code="a">sn 85035984 </subfield></datafield><datafield ind1=" " ind2=" " tag="040"><subfield code="a">NPA</subfield><subfield code="b">eng</subfield><subfield code="c">NPA</subfield><subfield code="d">NJW</subfield><subfield code="d">OCLCQ</subfield></datafield><datafield ind1=" " ind2=" " tag="042"><subfield code="a">msc</subfield></datafield><datafield ind1="0" ind2=" " tag="130"><subfield code="a">Evening record (Hackensack, N.J. : 1895)</subfield></datafield><datafield ind1="1" ind2="4" tag="245"><subfield code="a">The evening record.</subfield></datafield><datafield ind1=" " ind2=" " tag="260"><subfield code="a">Hackensack, N.J. :</subfield><subfield code="b">Evening Record Pub. Co.,</subfield><subfield code="c">-1902.</subfield></datafield><datafield ind1=" " ind2=" " tag="300"><subfield code="a">v. :</subfield><subfield code="b">ill.</subfield></datafield><datafield ind1=" " ind2=" " tag="310"><subfield code="a">Daily (except Sun.)</subfield></datafield><datafield ind1="1" ind2=" " tag="362"><subfield code="a">Began with June 5, 1895 issue.</subfield></datafield><datafield ind1="0" ind2=" " tag="362"><subfield code="a">-v. 8, no. 106 (Oct. 7, 1902).</subfield></datafield><datafield ind1=" " ind2=" " tag="525"><subfield code="a">Has occasional supplements.</subfield></datafield><datafield ind1=" " ind2=" " tag="530"><subfield code="a">Also issued on microfilm by Microfilming Corp. of America.</subfield></datafield><datafield ind1=" " ind2=" " tag="588"><subfield code="a">Description based on: Vol. 7, no. 47 (July 30, 1901).</subfield></datafield><datafield ind1=" " ind2=" " tag="752"><subfield code="a">United States</subfield><subfield code="b">New Jersey</subfield><subfield code="c">Bergen</subfield><subfield code="d">Hackensack.</subfield></datafield><datafield ind1="0" ind2="7" tag="785"><subfield code="t">Bergen County herald</subfield><subfield code="w">(DLC)sn 83032197</subfield><subfield code="w">(OCoLC)10208555</subfield></datafield><datafield ind1="0" ind2="7" tag="785"><subfield code="t">Evening record, and Bergen County herald (1902)</subfield><subfield code="w">(DLC)sn 85035985</subfield><subfield code="w">(OCoLC)12829880</subfield></datafield><datafield ind1="1" ind2=" " tag="029"><subfield code="a">AU@</subfield><subfield code="b">000023449208</subfield></datafield></record>